<?xml version="1.0" encoding="UTF-8"?><record xmlns="http://www.loc.gov/MARC21/slim" xmlns:cinclude="http://apache.org/cocoon/include/1.0" xmlns:zs="http://www.loc.gov/zing/srw/">
  <leader>00656nz  a2200169n  4500</leader>
  <controlfield tag="001">nb2015023019</controlfield>
  <controlfield tag="003">DLC</controlfield>
  <controlfield tag="005">20151127050905.0</controlfield>
  <controlfield tag="008">151126n| azannaabn          |n ana      </controlfield>
  <datafield tag="010" ind1=" " ind2=" ">
    <subfield code="a">nb2015023019</subfield>
  </datafield>
  <datafield tag="035" ind1=" " ind2=" ">
    <subfield code="a">(Uk)009495497</subfield>
  </datafield>
  <datafield tag="040" ind1=" " ind2=" ">
    <subfield code="a">Uk</subfield>
    <subfield code="b">eng</subfield>
    <subfield code="e">rda</subfield>
    <subfield code="c">Uk</subfield>
  </datafield>
  <datafield tag="110" ind1="2" ind2=" ">
    <subfield code="a">Solihull Partnership</subfield>
  </datafield>
  <datafield tag="368" ind1=" " ind2=" ">
    <subfield code="a">Associations, institutions, etc.</subfield>
    <subfield code="2">lcsh</subfield>
  </datafield>
  <datafield tag="370" ind1=" " ind2=" ">
    <subfield code="e">Solihull (England)</subfield>
    <subfield code="2">naf</subfield>
  </datafield>
  <datafield tag="377" ind1=" " ind2=" ">
    <subfield code="a">eng</subfield>
  </datafield>
  <datafield tag="670" ind1=" " ind2=" ">
    <subfield code="a">The Compact Plus for Solihull 2008 - 2013, [2008?]:</subfield>
    <subfield code="b">t.p. (Solihull Partnership) verso (a collective of various associations linked to Solihull, including the Chamber of Commerce, Solihull NHS Trust and the West Midlands Police and Fire services)</subfield>
  </datafield>
</record>